<?xml version="1.0" encoding="UTF-8"?>
<OAI-PMH xmlns="http://www.openarchives.org/OAI/2.0/" xmlns:xsi="http://www.w3.org/2001/XMLSchema-instance" xsi:schemaLocation="http://www.openarchives.org/OAI/2.0/ http://www.openarchives.org/OAI/2.0/OAI-PMH.xsd">
<ListRecords>
<record>
<header status="updated">
<identifier>urm_publish:71283679000002121</identifier>
</header>
<metadata>
<record xmlns="http://www.loc.gov/MARC21/slim" xmlns:xsi="http://www.w3.org/2001/XMLSchema-instance" xsi:schemaLocation="http://www.loc.gov/MARC21/slim http://www.loc.gov/standards/marcxml/schema/MARC21slim.xsd" ><leader>02526mas a2200613 a 4500</leader><controlfield tag="005">20150420141338.0</controlfield><controlfield tag="008">731004c19679999nyuen1pe      0   a0eng  </controlfield><controlfield tag="001">999542456502121</controlfield><datafield tag="010" ind1=" " ind2=" "><subfield code="a">   73644466 /MN/r952</subfield></datafield><datafield tag="012" ind1=" " ind2=" "><subfield code="a">2</subfield><subfield code="b">3</subfield><subfield code="g">p</subfield><subfield code="i">8408</subfield><subfield code="k">1</subfield><subfield code="m">1</subfield></datafield><datafield tag="019" ind1=" " ind2=" "><subfield code="a">01586870</subfield></datafield><datafield tag="022" ind1="0" ind2=" "><subfield code="a">0035-791X</subfield></datafield><datafield tag="032" ind1=" " ind2=" "><subfield code="a">491250</subfield><subfield code="b">USPS</subfield></datafield><datafield tag="035" ind1=" " ind2=" "><subfield code="a">(OCoLC)ocm01787396</subfield></datafield><datafield tag="035" ind1=" " ind2=" "><subfield code="a">(OCoLC)ocm04106448</subfield></datafield><datafield tag="035" ind1=" " ind2=" "><subfield code="a">(OCoLC)ocm08056512</subfield></datafield><datafield tag="035" ind1=" " ind2=" "><subfield code="9">ADX3650UW</subfield></datafield><datafield tag="035" ind1=" " ind2=" "><subfield code="a">773159</subfield></datafield><datafield tag="035" ind1=" " ind2=" "><subfield code="a">(WU)773159-uwmadisondb</subfield></datafield><datafield tag="035" ind1=" " ind2=" "><subfield code="z">(OCoLC)01586870</subfield></datafield><datafield tag="037" ind1=" " ind2=" "><subfield code="a">Rolling Stone, 1290 Avenue of the Americas, New York, N.Y.  10104-0298</subfield></datafield><datafield tag="040" ind1=" " ind2=" "><subfield code="a">DLC</subfield><subfield code="b">eng</subfield><subfield code="c">DLC</subfield><subfield code="d">NSD</subfield><subfield code="d">DLC</subfield><subfield code="d">NSD</subfield><subfield code="d">OCL</subfield><subfield code="d">DLC</subfield><subfield code="d">NSD</subfield><subfield code="d">DLC</subfield><subfield code="d">NSD</subfield><subfield code="d">NST</subfield><subfield code="d">AIP</subfield><subfield code="d">NSD</subfield><subfield code="d">NST</subfield><subfield code="d">AIP</subfield><subfield code="d">OCL</subfield><subfield code="d">AIP</subfield><subfield code="d">NST</subfield><subfield code="d">CRL</subfield><subfield code="d">NSD</subfield><subfield code="d">NST</subfield><subfield code="d">DLC</subfield><subfield code="d">NST</subfield><subfield code="d">DLC</subfield></datafield><datafield tag="042" ind1=" " ind2=" "><subfield code="a">nsdp</subfield></datafield><datafield tag="050" ind1="1" ind2="0"><subfield code="a">AP2</subfield><subfield code="b">.R73</subfield></datafield><datafield tag="082" ind1="0" ind2="0"><subfield code="a">784</subfield></datafield><datafield tag="130" ind1="0" ind2=" "><subfield code="a">Rolling stone (San Francisco, Calif.).</subfield><subfield code="2">LCNAMES</subfield><subfield code="0">41-LIBRARY_OF_CONGRESS-no2009128781</subfield><subfield code="9">Y</subfield></datafield><datafield tag="210" ind1="0" ind2=" "><subfield code="a">Roll. stone</subfield></datafield><datafield tag="222" ind1=" " ind2="0"><subfield code="a">Rolling stone</subfield></datafield><datafield tag="245" ind1="1" ind2="0"><subfield code="a">Rolling stone.</subfield></datafield><datafield tag="260" ind1=" " ind2=" "><subfield code="a">San Francisco, Calif. :</subfield><subfield code="b">Straight Arrow Publishers,</subfield><subfield code="c">[1967-]</subfield></datafield><datafield tag="300" ind1=" " ind2=" "><subfield code="a">volumes :</subfield><subfield code="b">illustrations ;</subfield><subfield code="c">45 cm</subfield></datafield><datafield tag="310" ind1=" " ind2=" "><subfield code="a">24 no. a year,</subfield><subfield code="b">&lt;Sept. 1, 1983-&gt;</subfield></datafield><datafield tag="321" ind1=" " ind2=" "><subfield code="a">Biweekly,</subfield><subfield code="b">1967-&lt;Jan. 10, 1980&gt;</subfield></datafield><datafield tag="336" ind1=" " ind2=" "><subfield code="a">text</subfield><subfield code="b">txt</subfield><subfield code="2">rdacontent</subfield></datafield><datafield tag="337" ind1=" " ind2=" "><subfield code="a">unmediated</subfield><subfield code="b">n</subfield><subfield code="2">rdamedia</subfield></datafield><datafield tag="338" ind1=" " ind2=" "><subfield code="a">volume</subfield><subfield code="b">nc</subfield><subfield code="2">rdacarrier</subfield></datafield><datafield tag="362" ind1="0" ind2=" "><subfield code="a">Vol. 1, no. 1 (Nov. 9, 1967)-</subfield></datafield><datafield tag="500" ind1=" " ind2=" "><subfield code="a">Published: San Francisco, Nov. 9, 1967-Sept. 8, 1977; New York, Sept. 22, 1977-</subfield></datafield><datafield tag="510" ind1="1" ind2=" "><subfield code="a">Abridged readers' guide to periodical literature</subfield><subfield code="x">0001-334X</subfield></datafield><datafield tag="510" ind1="1" ind2=" "><subfield code="a">Magazine index</subfield><subfield code="b">1977-</subfield></datafield><datafield tag="510" ind1="1" ind2=" "><subfield code="a">Music index</subfield><subfield code="x">0027-4348</subfield></datafield><datafield tag="510" ind1="1" ind2=" "><subfield code="a">Readers' guide abstracts (microform)</subfield><subfield code="x">0886-0092</subfield></datafield><datafield tag="510" ind1="2" ind2=" "><subfield code="a">Book review index</subfield><subfield code="x">0524-0581</subfield></datafield><datafield tag="510" ind1="2" ind2=" "><subfield code="a">Film literature index</subfield><subfield code="x">0093-6758</subfield></datafield><datafield tag="510" ind1="2" ind2=" "><subfield code="a">Media review digest</subfield><subfield code="x">0363-7778</subfield></datafield><datafield tag="510" ind1="2" ind2=" "><subfield code="a">Popular magazine review</subfield><subfield code="x">0740-3763</subfield><subfield code="b">1984-</subfield></datafield><datafield tag="530" ind1=" " ind2=" "><subfield code="a">Also available in microform.</subfield></datafield><datafield tag="530" ind1=" " ind2=" "><subfield code="a">Also available on the Internet.</subfield></datafield><datafield tag="515" ind1=" " ind2=" "><subfield code="a">Issues for May 25, 1968-Aug. 10, 1968 are numbered both as v. 2, no. 1-v. 2, no. 4 and as no. 11-no. 15.  Beginning with the issue for August 24, 1968 (no. 16), the volume numbering is dropped and the designation is by whole numbering only.</subfield></datafield><datafield tag="650" ind1=" " ind2="0"><subfield code="a">Rock music</subfield><subfield code="v">Periodicals.</subfield><subfield code="2">LCSH</subfield><subfield code="0">41-LIBRARY_OF_CONGRESS-sh2010109536</subfield><subfield code="9">Y</subfield></datafield><datafield tag="650" ind1=" " ind2="0"><subfield code="a">Popular culture</subfield><subfield code="x">History</subfield><subfield code="y">20th century</subfield><subfield code="v">Periodicals.</subfield><subfield code="2">LCSH</subfield><subfield code="0">41-LIBRARY_OF_CONGRESS-sh 85104904</subfield><subfield code="9">Y</subfield></datafield><datafield tag="776" ind1="1" ind2=" "><subfield code="c">Microfilm</subfield><subfield code="d">Yale University Photographic Services</subfield><subfield code="w">(DLC)sn 92014295</subfield><subfield code="w">(OCoLC)02903508</subfield></datafield><datafield tag="776" ind1="1" ind2=" "><subfield code="c">Microfilm</subfield><subfield code="d">Microfilming Corp. of America</subfield><subfield code="w">(DLC)sf 88092755</subfield><subfield code="w">(OCoLC)07841767</subfield></datafield><datafield tag="997" ind1=" " ind2=" "><subfield code="a">MARCIVE</subfield></datafield><datafield tag="650" ind1=" " ind2="0"><subfield code="a">Culture, Popular</subfield><subfield code="2">LCSH</subfield><subfield code="0">41-LIBRARY_OF_CONGRESS-sh 85104904</subfield><subfield code="9">N</subfield></datafield><datafield tag="650" ind1=" " ind2="0"><subfield code="a">Mass culture</subfield><subfield code="2">LCSH</subfield><subfield code="0">41-LIBRARY_OF_CONGRESS-sh 85104904</subfield><subfield code="9">N</subfield></datafield><datafield tag="650" ind1=" " ind2="0"><subfield code="a">Pop culture</subfield><subfield code="2">LCSH</subfield><subfield code="0">41-LIBRARY_OF_CONGRESS-sh 85104904</subfield><subfield code="9">N</subfield></datafield><datafield tag="650" ind1=" " ind2="0"><subfield code="a">Popular arts</subfield><subfield code="2">LCSH</subfield><subfield code="0">41-LIBRARY_OF_CONGRESS-sh 85104904</subfield><subfield code="9">N</subfield></datafield><datafield tag="650" ind1=" " ind2="0"><subfield code="w">g</subfield><subfield code="a">Communication</subfield><subfield code="2">LCSH</subfield><subfield code="0">41-LIBRARY_OF_CONGRESS-sh 85104904</subfield><subfield code="9">R</subfield></datafield><datafield tag="650" ind1=" " ind2="0"><subfield code="w">g</subfield><subfield code="a">Intellectual life</subfield><subfield code="2">LCSH</subfield><subfield code="0">41-LIBRARY_OF_CONGRESS-sh 85104904</subfield><subfield code="9">R</subfield></datafield><datafield tag="650" ind1=" " ind2="0"><subfield code="w">g</subfield><subfield code="a">Mass society</subfield><subfield code="2">LCSH</subfield><subfield code="0">41-LIBRARY_OF_CONGRESS-sh 85104904</subfield><subfield code="9">R</subfield></datafield><datafield tag="650" ind1=" " ind2="0"><subfield code="w">g</subfield><subfield code="a">Recreation</subfield><subfield code="2">LCSH</subfield><subfield code="0">41-LIBRARY_OF_CONGRESS-sh 85104904</subfield><subfield code="9">R</subfield></datafield><datafield tag="INST" ind1=" " ind2=" "><subfield code="a">01UWI_NETWORK</subfield><subfield code="b">P</subfield><subfield code="c">71283679000002121</subfield></datafield><datafield tag="INST" ind1=" " ind2=" "><subfield code="a">01UWI_LC</subfield><subfield code="b">P</subfield><subfield code="c">21105934700002125</subfield></datafield><datafield tag="INST" ind1=" " ind2=" "><subfield code="a">01UWI_MAD</subfield><subfield code="b">P</subfield><subfield code="c">21505976970002122</subfield></datafield><datafield tag="INST" ind1=" " ind2=" "><subfield code="a">01UWI_ML</subfield><subfield code="b">P</subfield><subfield code="c">21185673140002124</subfield></datafield><datafield tag="INST" ind1=" " ind2=" "><subfield code="a">01UWI_RF</subfield><subfield code="b">P</subfield><subfield code="c">2161368100002129</subfield></datafield><datafield tag="INST" ind1=" " ind2=" "><subfield code="a">01UWI_SF</subfield><subfield code="b">P</subfield><subfield code="c">2142202020002130</subfield></datafield><datafield tag="INST" ind1=" " ind2=" "><subfield code="a">01UWI_SUP</subfield><subfield code="b">P</subfield><subfield code="c">2141883480002132</subfield></datafield><datafield tag="INST" ind1=" " ind2=" "><subfield code="a">01UWI_WW</subfield><subfield code="b">P</subfield><subfield code="c">2184497450002133</subfield></datafield><datafield tag="INST" ind1=" " ind2=" "><subfield code="a">01UWI_EC</subfield><subfield code="b">P</subfield><subfield code="c">2196076980002134</subfield></datafield><datafield tag="INST" ind1=" " ind2=" "><subfield code="a">01UWI_EC</subfield><subfield code="b">P</subfield><subfield code="c">2198190150002134</subfield></datafield><datafield tag="INST" ind1=" " ind2=" "><subfield code="a">01UWI_GB</subfield><subfield code="b">P</subfield><subfield code="c">2154112180002123</subfield></datafield><datafield tag="INST" ind1=" " ind2=" "><subfield code="a">01UWI_OSH</subfield><subfield code="b">P</subfield><subfield code="c">2165116600002126</subfield></datafield><datafield tag="INST" ind1=" " ind2=" "><subfield code="a">01UWI_PL</subfield><subfield code="b">P</subfield><subfield code="c">2127832030002127</subfield></datafield><datafield tag="INST" ind1=" " ind2=" "><subfield code="a">01UWI_ST</subfield><subfield code="b">P</subfield><subfield code="c">2133504800002131</subfield></datafield><datafield tag="INST" ind1=" " ind2=" "><subfield code="a">01UWI_2YR</subfield><subfield code="b">P</subfield><subfield code="c">2134912900002135</subfield></datafield><datafield tag="AVA" ind1=" " ind2=" "><subfield code="0">992455233402125</subfield><subfield code="8">22105934240002125</subfield><subfield code="a">01UWI_LC</subfield><subfield code="b">LAXMUR</subfield><subfield code="c">Periodicals Microfilm</subfield><subfield code="e">available</subfield><subfield code="f">11</subfield><subfield code="g">0</subfield><subfield code="j">permflm</subfield><subfield code="p">1</subfield><subfield code="q">UW La Crosse Murphy Library</subfield><subfield code="t">(1967)-(1978)</subfield></datafield><datafield tag="AVA" ind1=" " ind2=" "><subfield code="0">997731593602122</subfield><subfield code="8">22505976830002122</subfield><subfield code="a">01UWI_MAD</subfield><subfield code="b">MUSIC</subfield><subfield code="c">Remote Shelving -- ask staff for assistance</subfield><subfield code="d">ML1 .R65</subfield><subfield code="e">available</subfield><subfield code="f">84</subfield><subfield code="g">0</subfield><subfield code="j">remote</subfield><subfield code="k">0</subfield><subfield code="p">1</subfield><subfield code="q">Music Library (Mills)</subfield><subfield code="t">no.764(1997)-no.777(1997)</subfield><subfield code="t">no.804(1999)-no.805(1999)</subfield><subfield code="t">no.807(1999)-no.808(1999)</subfield><subfield code="t">no.810(1999)-no.812(1999)</subfield><subfield code="t">no.816(1999)-no.818(1999)</subfield><subfield code="t">no.820(1999)-no.821(1999)</subfield><subfield code="t">no.823(1999)-no.969(2005)</subfield><subfield code="t">no.971(2005)-no.1277(2016)</subfield><subfield code="t">(2012:May 31)</subfield></datafield><datafield tag="AVA" ind1=" " ind2=" "><subfield code="0">997731593602122</subfield><subfield code="8">22505974190002122</subfield><subfield code="a">01UWI_MAD</subfield><subfield code="b">MUSIC</subfield><subfield code="c">Microforms -- ask staff for assistance</subfield><subfield code="d">Micro Film 597</subfield><subfield code="e">available</subfield><subfield code="f">82</subfield><subfield code="g">0</subfield><subfield code="j">mic</subfield><subfield code="k">8</subfield><subfield code="p">2</subfield><subfield code="q">Music Library (Mills)</subfield><subfield code="t">no.1(1967)-no.1251(2015)</subfield></datafield><datafield tag="AVA" ind1=" " ind2=" "><subfield code="0">997731593602122</subfield><subfield code="8">22505973910002122</subfield><subfield code="a">01UWI_MAD</subfield><subfield code="b">WHSLIBRARY</subfield><subfield code="c">Microforms</subfield><subfield code="d">Micro film P70-2332 16n</subfield><subfield code="e">available</subfield><subfield code="f">16</subfield><subfield code="g">0</subfield><subfield code="j">mic</subfield><subfield code="k">8</subfield><subfield code="p">3</subfield><subfield code="q">Wisconsin Historical Society Library</subfield><subfield code="t">1967:Nov 23-1969:Dec 20</subfield><subfield code="t">1969:Dec 27-1971:Mar 18</subfield><subfield code="t">1871:Apr  1-1972:Feb 17</subfield><subfield code="t">1972:Mar 20-Nov 23</subfield><subfield code="t">1972:Dec 7-1973:Jul 19</subfield><subfield code="t">1973:Aug-1974:Mar</subfield><subfield code="t">1974:Apr-Dec</subfield><subfield code="t">1975:Jan  2-Aug 28</subfield><subfield code="t">1975:Sep-1976:Feb 26</subfield><subfield code="t">1976:Mar 11-Aug 12</subfield><subfield code="t">1976:Aug 26-Dec 30</subfield><subfield code="t">1977:Jan 13-Jun  2</subfield><subfield code="t">1977:Jun 16-Nov 17</subfield><subfield code="t">1977:Dec  1-1978:May 18</subfield><subfield code="t">1978:Jun  1-Dec 28</subfield><subfield code="t">1979:Jan 25-Jun 28</subfield></datafield><datafield tag="AVA" ind1=" " ind2=" "><subfield code="0">997731593602122</subfield><subfield code="8">22505976920002122</subfield><subfield code="a">01UWI_MAD</subfield><subfield code="b">LAW</subfield><subfield code="c">Browsing Collection, HH&amp;R Reading Room, 5th Floor</subfield><subfield code="d">Shelved by title</subfield><subfield code="e">available</subfield><subfield code="f">13</subfield><subfield code="g">0</subfield><subfield code="j">browse</subfield><subfield code="k">5</subfield><subfield code="p">4</subfield><subfield code="q">Law Library</subfield></datafield><datafield tag="AVA" ind1=" " ind2=" "><subfield code="0">997731593602122</subfield><subfield code="8">22505975770002122</subfield><subfield code="a">01UWI_MAD</subfield><subfield code="b">COLLEGE</subfield><subfield code="c">Open Book Magazines, 1st Floor, Rm. 1250</subfield><subfield code="d">Shelved by title</subfield><subfield code="e">check_holdings</subfield><subfield code="j">jrl</subfield><subfield code="k">8</subfield><subfield code="p">5</subfield><subfield code="q">College Library</subfield></datafield><datafield tag="AVA" ind1=" " ind2=" "><subfield code="0">997731593602122</subfield><subfield code="8">22505973710002122</subfield><subfield code="a">01UWI_MAD</subfield><subfield code="b">EBLING</subfield><subfield code="c">Recreational Reading Collection</subfield><subfield code="e">check_holdings</subfield><subfield code="j">rec</subfield><subfield code="k">8</subfield><subfield code="p">6</subfield><subfield code="q">Ebling Library</subfield></datafield><datafield tag="AVA" ind1=" " ind2=" "><subfield code="0">993159993402124</subfield><subfield code="8">22185673130002124</subfield><subfield code="a">01UWI_ML</subfield><subfield code="b">MIL</subfield><subfield code="c">Music Library - Stacks</subfield><subfield code="d">ML1 .R6x</subfield><subfield code="e">available</subfield><subfield code="f">73</subfield><subfield code="g">0</subfield><subfield code="j">music</subfield><subfield code="k">0</subfield><subfield code="p">1</subfield><subfield code="q">UW Milwaukee</subfield><subfield code="t"/></datafield><datafield tag="AVA" ind1=" " ind2=" "><subfield code="0">993159993402124</subfield><subfield code="8">22185672440002124</subfield><subfield code="a">01UWI_ML</subfield><subfield code="b">MIL</subfield><subfield code="c">Microtext Collection - Microfilm</subfield><subfield code="d">ML03</subfield><subfield code="e">check_holdings</subfield><subfield code="j">microfilm</subfield><subfield code="k">8</subfield><subfield code="p">2</subfield><subfield code="q">UW Milwaukee</subfield><subfield code="t">no.1 (1967)-no.1094/1095 (2009:Dec.24/2010:Jan.7)</subfield></datafield><datafield tag="AVA" ind1=" " ind2=" "><subfield code="0">991603703602129</subfield><subfield code="8">2261367970002129</subfield><subfield code="a">01UWI_RF</subfield><subfield code="b">RF</subfield><subfield code="c">Microfiche</subfield><subfield code="d">Shelved by Title</subfield><subfield code="e">check_holdings</subfield><subfield code="j">mf</subfield><subfield code="k">8</subfield><subfield code="p">1</subfield><subfield code="q">Chalmer Davee Library</subfield><subfield code="t">no.439(1985)-no.938/939(2003)</subfield></datafield><datafield tag="AVA" ind1=" " ind2=" "><subfield code="0">991045153602130</subfield><subfield code="8">2242201630002130</subfield><subfield code="a">01UWI_SF</subfield><subfield code="b">SP</subfield><subfield code="c">Microforms - Periodicals (6th floor)</subfield><subfield code="e">available</subfield><subfield code="f">83</subfield><subfield code="g">0</subfield><subfield code="j">permf</subfield><subfield code="k">8</subfield><subfield code="p">1</subfield><subfield code="q">UW Stevens Point Library</subfield><subfield code="t">No. 1 (Nov. 9, 1967)-no. 1225 (Jan. 2015)</subfield><subfield code="t">1967-1991;</subfield></datafield><datafield tag="AVA" ind1=" " ind2=" "><subfield code="0">991045153602130</subfield><subfield code="8">2242202010002130</subfield><subfield code="a">01UWI_SF</subfield><subfield code="b">SP</subfield><subfield code="c">Current Periodicals (2nd floor)</subfield><subfield code="e">available</subfield><subfield code="f">71</subfield><subfield code="g">0</subfield><subfield code="j">percurr</subfield><subfield code="k">8</subfield><subfield code="p">2</subfield><subfield code="q">UW Stevens Point Library</subfield><subfield code="t">Current 3 years only.</subfield></datafield><datafield tag="AVA" ind1=" " ind2=" "><subfield code="0">991205163602132</subfield><subfield code="8">2241883470002132</subfield><subfield code="a">01UWI_SUP</subfield><subfield code="b">SUPER</subfield><subfield code="c">Periodicals, Garden Level</subfield><subfield code="e">check_holdings</subfield><subfield code="j">periodical</subfield><subfield code="p">1</subfield><subfield code="q">Jim Dan Hill Library</subfield><subfield code="t">Issue 1149 (2012) - to date</subfield></datafield><datafield tag="AVA" ind1=" " ind2=" "><subfield code="0">992760783702133</subfield><subfield code="8">2284497440002133</subfield><subfield code="a">01UWI_WW</subfield><subfield code="b">WW</subfield><subfield code="c">Periodicals, Current, 1st Floor (Non-Circulating) (Shelved A to Z)</subfield><subfield code="d">AP2 .R73</subfield><subfield code="e">available</subfield><subfield code="f">7</subfield><subfield code="g">0</subfield><subfield code="j">PERCURR</subfield><subfield code="k">0</subfield><subfield code="p">1</subfield><subfield code="q">UW-Whitewater</subfield></datafield><datafield tag="AVA" ind1=" " ind2=" "><subfield code="0">992760783702133</subfield><subfield code="8">2284497400002133</subfield><subfield code="a">01UWI_WW</subfield><subfield code="b">WW</subfield><subfield code="c">Periodicals, Bound Stacks, 1st Floor (Non-Circulating) (Shelved A to Z)</subfield><subfield code="e">check_holdings</subfield><subfield code="j">PERBOUN</subfield><subfield code="k">8</subfield><subfield code="p">2</subfield><subfield code="q">UW-Whitewater</subfield><subfield code="t">no. 1124 (2014)-</subfield></datafield><datafield tag="AVA" ind1=" " ind2=" "><subfield code="0">992760783702133</subfield><subfield code="8">2284497410002133</subfield><subfield code="a">01UWI_WW</subfield><subfield code="b">WW</subfield><subfield code="c">Periodicals Microform, Fiche 1st Floor</subfield><subfield code="e">check_holdings</subfield><subfield code="j">PERFICH</subfield><subfield code="p">3</subfield><subfield code="q">UW-Whitewater</subfield><subfield code="t">no.125 (1973)-no.1068 (2008)</subfield></datafield><datafield tag="AVA" ind1=" " ind2=" "><subfield code="0">993223333402134</subfield><subfield code="8">2296076970002134</subfield><subfield code="a">01UWI_EC</subfield><subfield code="b">UWEC</subfield><subfield code="c">Journals Microfilm (2nd floor)</subfield><subfield code="e">available</subfield><subfield code="f">63</subfield><subfield code="g">0</subfield><subfield code="j">jrnl film</subfield><subfield code="k">5</subfield><subfield code="p">1</subfield><subfield code="q">UW-Eau Claire McIntyre Library</subfield><subfield code="t">no.1 (1967) - no.991 (2006:Jan. 12)</subfield></datafield><datafield tag="AVA" ind1=" " ind2=" "><subfield code="0">993263543402134</subfield><subfield code="8">2298190140002134</subfield><subfield code="a">01UWI_EC</subfield><subfield code="b">UWEC</subfield><subfield code="c">Journals Current (2nd floor)</subfield><subfield code="e">available</subfield><subfield code="f">47</subfield><subfield code="g">0</subfield><subfield code="j">jrnl curr</subfield><subfield code="k">5</subfield><subfield code="p">1</subfield><subfield code="q">UW-Eau Claire McIntyre Library</subfield><subfield code="t">no.1252 (2016) -</subfield></datafield><datafield tag="AVA" ind1=" " ind2=" "><subfield code="0">99784173402123</subfield><subfield code="8">2254112170002123</subfield><subfield code="a">01UWI_GB</subfield><subfield code="b">GB</subfield><subfield code="c">Newspapers (4th floor, front)</subfield><subfield code="e">available</subfield><subfield code="f">11</subfield><subfield code="g">0</subfield><subfield code="j">news</subfield><subfield code="k">5</subfield><subfield code="p">1</subfield><subfield code="q">UW Green Bay</subfield><subfield code="t">Current 6 months.</subfield></datafield><datafield tag="AVA" ind1=" " ind2=" "><subfield code="0">992952313502126</subfield><subfield code="8">2265116590002126</subfield><subfield code="a">01UWI_OSH</subfield><subfield code="b">OSH</subfield><subfield code="c">Storage, Request at Circulation Desk</subfield><subfield code="e">check_holdings</subfield><subfield code="j">stor</subfield><subfield code="p">1</subfield><subfield code="q">Polk Library</subfield><subfield code="t">No. 125 (1973) - No. 1017 (2007: Jan. 11)</subfield></datafield><datafield tag="AVA" ind1=" " ind2=" "><subfield code="0">992139223502127</subfield><subfield code="8">2227832020002127</subfield><subfield code="a">01UWI_PL</subfield><subfield code="b">PARK</subfield><subfield code="c">Journals &amp; Magazines (Back Issues)</subfield><subfield code="d">AP2 .R73</subfield><subfield code="e">available</subfield><subfield code="f">60</subfield><subfield code="g">0</subfield><subfield code="j">backiss</subfield><subfield code="k">0</subfield><subfield code="p">1</subfield><subfield code="q">UW-Parkside Library</subfield><subfield code="t">Recent issues in print</subfield><subfield code="t"/><subfield code="t">no. 74-150 (1971-1973), no. 177-  2 years to current in print. Available online in EBSCO.</subfield></datafield><datafield tag="AVA" ind1=" " ind2=" "><subfield code="0">99818543402131</subfield><subfield code="8">2233504790002131</subfield><subfield code="a">01UWI_ST</subfield><subfield code="b">STOUT</subfield><subfield code="c">Periodicals Print (Noncirculating) 2nd floor</subfield><subfield code="d">ROLLING STONE</subfield><subfield code="e">available</subfield><subfield code="f">69</subfield><subfield code="g">0</subfield><subfield code="j">PER</subfield><subfield code="k">5</subfield><subfield code="p">1</subfield><subfield code="q">UW Stout Library</subfield><subfield code="t">no.1148-(2012:Jan.19-)</subfield></datafield><datafield tag="AVA" ind1=" " ind2=" "><subfield code="0">991959563402135</subfield><subfield code="8">2234929170002135</subfield><subfield code="a">01UWI_2YR</subfield><subfield code="b">COLMSF</subfield><subfield code="c">Marshfield Periodicals</subfield><subfield code="d">BY TITLE</subfield><subfield code="e">available</subfield><subfield code="f">25</subfield><subfield code="g">0</subfield><subfield code="j">msfper</subfield><subfield code="k">8</subfield><subfield code="p">1</subfield><subfield code="q">UW Colleges Marshfield/Wood County Library</subfield><subfield code="t">current year + 1 year</subfield></datafield><datafield tag="AVA" ind1=" " ind2=" "><subfield code="0">991959563402135</subfield><subfield code="8">2234927890002135</subfield><subfield code="a">01UWI_2YR</subfield><subfield code="b">COLBRN</subfield><subfield code="c">Barron Periodical Unbound</subfield><subfield code="d">BY TITLE</subfield><subfield code="e">check_holdings</subfield><subfield code="j">brnperun</subfield><subfield code="k">0</subfield><subfield code="p">2</subfield><subfield code="q">UW Colleges Barron County Library</subfield><subfield code="t">Current year + 4 years</subfield></datafield><datafield tag="AVA" ind1=" " ind2=" "><subfield code="0">991959563402135</subfield><subfield code="8">2234930440002135</subfield><subfield code="a">01UWI_2YR</subfield><subfield code="b">COLFOX</subfield><subfield code="c">Fox Valley Current Periodicals</subfield><subfield code="d">BY TITLE</subfield><subfield code="e">check_holdings</subfield><subfield code="j">foxpercr</subfield><subfield code="k">0</subfield><subfield code="p">3</subfield><subfield code="q">UW Colleges Fox Valley Library</subfield><subfield code="t">Current two years</subfield></datafield><datafield tag="MMS" ind1=" " ind2=" "><subfield code="b">999542456502121</subfield><subfield code="a">01UWI_NETWORK</subfield></datafield><datafield tag="MMS" ind1=" " ind2=" "><subfield code="b">992455233402125</subfield><subfield code="a">01UWI_LC</subfield></datafield><datafield tag="MMS" ind1=" " ind2=" "><subfield code="b">997731593602122</subfield><subfield code="a">01UWI_MAD</subfield></datafield><datafield tag="MMS" ind1=" " ind2=" "><subfield code="b">993159993402124</subfield><subfield code="a">01UWI_ML</subfield></datafield><datafield tag="MMS" ind1=" " ind2=" "><subfield code="b">991603703602129</subfield><subfield code="a">01UWI_RF</subfield></datafield><datafield tag="MMS" ind1=" " ind2=" "><subfield code="b">991045153602130</subfield><subfield code="a">01UWI_SF</subfield></datafield><datafield tag="MMS" ind1=" " ind2=" "><subfield code="b">991205163602132</subfield><subfield code="a">01UWI_SUP</subfield></datafield><datafield tag="MMS" ind1=" " ind2=" "><subfield code="b">992760783702133</subfield><subfield code="a">01UWI_WW</subfield></datafield><datafield tag="MMS" ind1=" " ind2=" "><subfield code="b">993223333402134</subfield><subfield code="a">01UWI_EC</subfield></datafield><datafield tag="MMS" ind1=" " ind2=" "><subfield code="b">993263543402134</subfield><subfield code="a">01UWI_EC</subfield></datafield><datafield tag="MMS" ind1=" " ind2=" "><subfield code="b">99784173402123</subfield><subfield code="a">01UWI_GB</subfield></datafield><datafield tag="MMS" ind1=" " ind2=" "><subfield code="b">992952313502126</subfield><subfield code="a">01UWI_OSH</subfield></datafield><datafield tag="MMS" ind1=" " ind2=" "><subfield code="b">992139223502127</subfield><subfield code="a">01UWI_PL</subfield></datafield><datafield tag="MMS" ind1=" " ind2=" "><subfield code="b">99818543402131</subfield><subfield code="a">01UWI_ST</subfield></datafield><datafield tag="MMS" ind1=" " ind2=" "><subfield code="b">991959563402135</subfield><subfield code="a">01UWI_2YR</subfield></datafield><datafield tag="690" ind1=" " ind2=" "><subfield code="a">General</subfield><subfield code="9">LOCAL</subfield><subfield code="A">01UWI_LC</subfield></datafield><datafield tag="AAA" ind1="0" ind2="1"><subfield code="z">Current issues on Music periodicals shelf, back issues on Music microfilm 597. Some also bound.</subfield><subfield code="8">22505976830002122</subfield><subfield code="A">01UWI_MAD</subfield></datafield><datafield tag="BBB" ind1="0" ind2="1"><subfield code="x">CHECK-IN</subfield><subfield code="x">mk:no;bd:3mo:#478</subfield><subfield code="x">Previously discarded after film rec'd, now bound 4/04-an</subfield><subfield code="x">***787046002,AD***==4930==F-013160; CLAIM BY MO,DATE &amp; YR NOT ISS # 12/01</subfield><subfield code="x">rec'd minidisc w/671--nad</subfield><subfield code="x">dup. no.929 2003/Aug.21-an</subfield><subfield code="x">v.970 missing 1/3/06-rw</subfield><subfield code="8">22505976830002122</subfield><subfield code="A">01UWI_MAD</subfield></datafield><datafield tag="BBB" ind1="8" ind2="1"><subfield code="x">CHECK-IN</subfield><subfield code="x">mk:film #;cmh</subfield><subfield code="x">formerly w/Micro;use MURE 1997+ per Andrea Rolich 9/16/97(jrd)</subfield><subfield code="x">Reset AD in stmt 1 when a new part is rcd</subfield><subfield code="8">22505974190002122</subfield><subfield code="A">01UWI_MAD</subfield></datafield><datafield tag="BBB" ind1="8" ind2="1"><subfield code="x">cmh</subfield><subfield code="8">22505973910002122</subfield><subfield code="A">01UWI_MAD</subfield></datafield><datafield tag="AAA" ind1="5" ind2="0"><subfield code="z">Current 3 months only.</subfield><subfield code="8">22505976920002122</subfield><subfield code="A">01UWI_MAD</subfield></datafield><datafield tag="BBB" ind1="5" ind2="0"><subfield code="x">!!!!!TATTLE TAPE!!!!!;discard after 3 months;no. on front cover</subfield><subfield code="x">CURRENT ISSUE ON RESERVE.;Neo Data 800-666-7000</subfield><subfield code="x">ACQ CHECK IN.</subfield><subfield code="x">BIWEEKLY-no,yr,mo,dom</subfield><subfield code="8">22505976920002122</subfield><subfield code="A">01UWI_MAD</subfield></datafield><datafield tag="AAA" ind1="8" ind2="0"><subfield code="z">Current 2 issues only retained.</subfield><subfield code="8">22505975770002122</subfield><subfield code="A">01UWI_MAD</subfield></datafield><datafield tag="BBB" ind1="8" ind2="0"><subfield code="x">cir</subfield><subfield code="x">]CLAIM BY DATE;CANC RESTRICTIONS</subfield><subfield code="x">***787046002,AO***==4930==F-013160</subfield><subfield code="x">Discard weeded issues.</subfield><subfield code="x">CMG changed retention 8/25/05</subfield><subfield code="8">22505975770002122</subfield><subfield code="A">01UWI_MAD</subfield></datafield><datafield tag="AAA" ind1="0" ind2="1"><subfield code="z">Latest issues in Music Current Periodicals.</subfield><subfield code="z">Library keeps latest two years only.</subfield><subfield code="8">22185673130002124</subfield><subfield code="A">01UWI_ML</subfield></datafield><datafield tag="BBB" ind1="0" ind2="1"><subfield code="x">PUT ON MUSIC SHELF</subfield><subfield code="x">date to date</subfield><subfield code="x">Send Dups to Music</subfield><subfield code="x">To access complete archives online: username is kjander, password is uwmlib.</subfield><subfield code="x">Login for Billing, etc. - Account number 30840494300, email is kj2@uwm.edu, zipcode 53201</subfield><subfield code="8">22185673130002124</subfield><subfield code="A">01UWI_ML</subfield></datafield><datafield tag="BBB" ind1="8" ind2="1"><subfield code="x">Cancelled end of 2009.</subfield><subfield code="8">22185672440002124</subfield><subfield code="A">01UWI_ML</subfield></datafield><datafield tag="AAA" ind1=" " ind2="1"><subfield code="z">Shelved A-Z by title</subfield><subfield code="8">2241883470002132</subfield><subfield code="A">01UWI_SUP</subfield></datafield><datafield tag="AAA" ind1="0" ind2="0"><subfield code="z">Most current issue shelved on magazine rack on 2nd floor.</subfield><subfield code="8">2284497440002133</subfield><subfield code="A">01UWI_WW</subfield></datafield><datafield tag="BBB" ind1=" " ind2="0"><subfield code="x">Current issues retained until microform copy received.</subfield><subfield code="8">2284497440002133</subfield><subfield code="A">01UWI_WW</subfield></datafield><datafield tag="AAA" ind1="8" ind2=" "><subfield code="z">Library retains current year</subfield><subfield code="8">2284497400002133</subfield><subfield code="A">01UWI_WW</subfield></datafield><datafield tag="BBB" ind1=" " ind2="1"><subfield code="x">SCHMIDT</subfield><subfield code="x">RECOMMITTED AS PART OF FISCAL PERIOD CLOSE</subfield><subfield code="x">RECOMMITTED AS PART OF FISCAL PERIOD CLOSE</subfield><subfield code="8">2284497410002133</subfield><subfield code="A">01UWI_WW</subfield></datafield><datafield tag="BBB" ind1="5" ind2="0"><subfield code="x">Cancelled title.</subfield><subfield code="8">2296076970002134</subfield><subfield code="A">01UWI_EC</subfield></datafield><datafield tag="AAA" ind1="5" ind2="0"><subfield code="z">Most recent issue shelved in rack on 1st floor next to Circulation desk.</subfield><subfield code="8">2298190140002134</subfield><subfield code="A">01UWI_EC</subfield></datafield><datafield tag="BBB" ind1="5" ind2="0"><subfield code="x">Retain 2 yrs.</subfield><subfield code="8">2298190140002134</subfield><subfield code="A">01UWI_EC</subfield></datafield><datafield tag="BBB" ind1="5" ind2="1"><subfield code="x">For circ problems call 1-800-283-1549.  This number is not in the magazine; there is a 303 area number in there, which will put you on hold &amp; *then* give you this one.</subfield><subfield code="8">2254112170002123</subfield><subfield code="A">01UWI_GB</subfield></datafield><datafield tag="BBB" ind1=" " ind2="1"><subfield code="x">Microfilm cancelled.</subfield><subfield code="8">2265116590002126</subfield><subfield code="A">01UWI_OSH</subfield></datafield><datafield tag="AAA" ind1="0" ind2="1"><subfield code="z">Recent issues in Journals &amp; Magazines (Current Issues) Section</subfield><subfield code="8">2227832020002127</subfield><subfield code="A">01UWI_PL</subfield></datafield><datafield tag="BBB" ind1="0" ind2="1"><subfield code="x">no.1001 not published -- may be combined with no. 1000 as double issue</subfield><subfield code="8">2227832020002127</subfield><subfield code="A">01UWI_PL</subfield></datafield><datafield tag="BBB" ind1="5" ind2="1"><subfield code="x">Serials-Active.</subfield><subfield code="8">2233504790002131</subfield><subfield code="A">01UWI_ST</subfield></datafield></record>
</metadata>
</record>
</ListRecords>
</OAI-PMH>